<?xml version="1.0" encoding="UTF-8"?><collection xmlns="http://www.loc.gov/MARC21/slim"><record><leader>00668nam--2200181-i-4500</leader><controlfield tag="001">000019918</controlfield><controlfield tag="002">20161230</controlfield><controlfield tag="005">20161230201033</controlfield><controlfield tag="008">060222s1000------------r-----000-0-eng-d</controlfield><datafield ind1=" " ind2=" " tag="020"><subfield code="a">085498142X</subfield></datafield><datafield ind1=" " ind2=" " tag="080"><subfield code="a">539.163.2:539.173(061.3)</subfield></datafield><datafield ind1="1" ind2=" " tag="100"><subfield code="a">Egidy, Till Von</subfield></datafield><datafield ind1="1" ind2="0" tag="245"><subfield code="a">Nuclear spectroscopy of fission products</subfield><subfield code="b">Thirty five papers from a workshop on the nuclear spectroscopy of fission products held at the institut laue-langevin, grenoble, 21-23 may, 1979</subfield><subfield code="c">Till von egidy (ed.)</subfield></datafield><datafield ind1=" " ind2=" " tag="260"><subfield code="a">London</subfield><subfield code="b">Institute Of Physics</subfield><subfield code="c">1980</subfield></datafield><datafield ind1=" " ind2=" " tag="300"><subfield code="a">IX + 331 P</subfield></datafield><datafield ind1=" " ind2=" " tag="490"><subfield code="a">Conference Series</subfield><subfield code="v">Number 51</subfield></datafield><datafield ind1=" " ind2=" " tag="852"><subfield code="a">49202</subfield><subfield code="c">539.163.2</subfield></datafield><datafield ind1=" " ind2=" " tag="CAT"><subfield code="a">Sys</subfield><subfield code="c">20120525</subfield><subfield code="h">135149</subfield></datafield></record></collection>